<collection xmlns="http://www.loc.gov/MARC21/slim">
<record>
  <leader>02096nam0a2200337 i 450 </leader>
  <controlfield tag="001">IT\ICCU\CNCE\028642</controlfield>
  <controlfield tag="005">20181106000000.0</controlfield>
  <datafield tag="012" ind1=" " ind2=" ">
    <subfield code="a">lee- a.o- o.a- tesa (3) 1537 (R)</subfield>
    <subfield code="2">fei</subfield>
  </datafield>
  <datafield tag="100" ind1=" " ind2=" ">
    <subfield code="a">19971112d1537        0itac0103    ba</subfield>
  </datafield>
  <datafield tag="101" ind1=" " ind2=" ">
    <subfield code="a">ITA</subfield>
  </datafield>
  <datafield tag="102" ind1=" " ind2=" ">
    <subfield code="a">IT</subfield>
  </datafield>
  <datafield tag="200" ind1="1" ind2=" ">
    <subfield code="a">Regole generali di architetura sopra le cinque maniere degli edifici cio ̈thoscano, dorico, ionico, corinthio et composito, con gli essempi dell&apos;antiquita che per la magior parte concordano con la dottrina di Vitruvio</subfield>
  </datafield>
  <datafield tag="210" ind1=" " ind2=" ">
    <subfield code="a">In Venetia</subfield>
    <subfield code="c">per Francesco Marcolini da Forl</subfield>
    <subfield code="d">1537</subfield>
    <subfield code="e">Impresso in Venetia</subfield>
    <subfield code="g">per Francesco Marcolini da Forl a presso la chiesa di la Trinita</subfield>
    <subfield code="h">1537 il mese di setembre</subfield>
  </datafield>
  <datafield tag="215" ind1=" " ind2=" ">
    <subfield code="a">LXXVI c.</subfield>
    <subfield code="c">ill.</subfield>
    <subfield code="d">fol</subfield>
  </datafield>
  <datafield tag="620" ind1=" " ind2=" ">
    <subfield code="a">IT</subfield>
    <subfield code="d">Venezia</subfield>
  </datafield>
  <datafield tag="700" ind1=" " ind2="1">
    <subfield code="a">Serlio,</subfield>
    <subfield code="b">Sebastiano</subfield>
    <subfield code="3">IT\ICCU\CNCA\008601</subfield>
  </datafield>
  <datafield tag="712" ind1="0" ind2="0">
    <subfield code="a">Marcolini, Francesco</subfield>
    <subfield code="3">IT\ICCU\CNCT\000394</subfield>
    <subfield code="4">650</subfield>
  </datafield>
  <datafield tag="790" ind1=" " ind2="1">
    <subfield code="a">Serlius,</subfield>
    <subfield code="b">Sebastianus</subfield>
    <subfield code="3">IT\ICCU\CNCA\025766</subfield>
    <subfield code="z">Serlio, Sebastiano</subfield>
  </datafield>
  <datafield tag="791" ind1="0" ind2="0">
    <subfield code="a">Marcolino, Francesco</subfield>
    <subfield code="3">IT\ICCU\CNCT\005028</subfield>
    <subfield code="z">Marcolini, Francesco</subfield>
  </datafield>
  <datafield tag="791" ind1="0" ind2="0">
    <subfield code="a">Marcolinus, Franciscus</subfield>
    <subfield code="3">IT\ICCU\CNCT\005029</subfield>
    <subfield code="z">Marcolini, Francesco</subfield>
  </datafield>
  <datafield tag="801" ind1=" " ind2="3">
    <subfield code="a">IT</subfield>
    <subfield code="b">ICCU</subfield>
    <subfield code="c">20201114</subfield>
  </datafield>
  <datafield tag="899" ind1=" " ind2=" ">
    <subfield code="a">Biblioteca estera - Biblioteca Universidad Complutense de Madrid. Madrid</subfield>
    <subfield code="z">MUTILO</subfield>
    <subfield code="1">AA0002</subfield>
  </datafield>
  <datafield tag="899" ind1=" " ind2=" ">
    <subfield code="a">Biblioteca universitaria. Bologna</subfield>
    <subfield code="1">BO0098</subfield>
    <subfield code="2">UBO BU</subfield>
  </datafield>
  <datafield tag="899" ind1=" " ind2=" ">
    <subfield code="a">Biblioteca Apostolica Vaticana. Citt ̉del Vaticano</subfield>
    <subfield code="1">EX0001</subfield>
    <subfield code="2">ZCV 01</subfield>
  </datafield>
  <datafield tag="899" ind1=" " ind2=" ">
    <subfield code="a">Biblioteca comunale Aurelio Saffi. Forl</subfield>
    <subfield code="1">FC0018</subfield>
    <subfield code="2">RAV FO</subfield>
  </datafield>
  <datafield tag="899" ind1=" " ind2=" ">
    <subfield code="a">Biblioteca dell&apos;Accademia nazionale dei Lincei e Corsiniana. Roma</subfield>
    <subfield code="1">RM0418</subfield>
    <subfield code="2">RML 10</subfield>
  </datafield>
  <datafield tag="899" ind1=" " ind2=" ">
    <subfield code="a">Biblioteca Hertziana. Roma</subfield>
    <subfield code="1">RM0724</subfield>
    <subfield code="2">ZRM 16</subfield>
  </datafield>
  <datafield tag="899" ind1=" " ind2=" ">
    <subfield code="a">British Library. London</subfield>
    <subfield code="1">UK0001</subfield>
  </datafield>
  <datafield tag="899" ind1=" " ind2=" ">
    <subfield code="a">Biblioteca del Centro internazionale di studi di architettura Andrea Palladio. Vicenza</subfield>
    <subfield code="1">VI0095</subfield>
    <subfield code="2">VIA AP</subfield>
  </datafield>
  <datafield tag="911" ind1=" " ind2=" ">
    <subfield code="a">Nel coloph.</subfield>
    <subfield code="9">IT\ICCU\CNCM\000242</subfield>
  </datafield>
  <datafield tag="921" ind1=" " ind2=" ">
    <subfield code="a">IT\ICCU\CNCM\000242</subfield>
    <subfield code="b">Verit ̉(donna nuda con i capelli sciolti) flagellata dalla Menzogna (donna nuda con coda di serpente) sorretta per un braccio dal Tempo</subfield>
    <subfield code="e">Veritas filia temporis.</subfield>
    <subfield code="c">A114</subfield>
    <subfield code="c">V401</subfield>
    <subfield code="c">Z1190</subfield>
    <subfield code="d">Dimensioni: 7,5 x 9,8</subfield>
    <subfield code="f">MENZOGNA</subfield>
    <subfield code="f">TEMPO</subfield>
    <subfield code="f">VERITA</subfield>
    <subfield code="f">VERITASFIL</subfield>
    <subfield code="g">1537-1558</subfield>
  </datafield>
</record>
</collection>
